<record><leader>00000cas a22000007a 4500</leader><controlfield tag="001">20323187</controlfield><controlfield tag="008">890911d187u1883mouwr ne      0    0eng d</controlfield><datafield ind1=" " ind2=" " tag="010"><subfield code="a">sn 89066986 </subfield></datafield><datafield ind1=" " ind2=" " tag="040"><subfield code="a">MQN</subfield><subfield code="b">eng</subfield><subfield code="c">MQN</subfield><subfield code="d">OCL</subfield><subfield code="d">OCLCQ</subfield><subfield code="d">OCLCF</subfield></datafield><datafield ind1=" " ind2=" " tag="042"><subfield code="a">msc</subfield></datafield><datafield ind1=" " ind2=" " tag="043"><subfield code="a">n-us-mo</subfield></datafield><datafield ind1="0" ind2="4" tag="245"><subfield code="a">The Weston commercial.</subfield></datafield><datafield ind1=" " ind2=" " tag="260"><subfield code="a">Weston, Mo. :</subfield><subfield code="b">Harry Howard &amp; Co.</subfield></datafield><datafield ind1=" " ind2=" " tag="300"><subfield code="a">v.</subfield></datafield><datafield ind1=" " ind2=" " tag="310"><subfield code="a">Weekly</subfield></datafield><datafield ind1="1" ind2=" " tag="362"><subfield code="a">Ceased in 1883.</subfield></datafield><datafield ind1=" " ind2=" " tag="588"><subfield code="a">Description based on: Vol. 3, no. 22 (Dec. 18, 1874).</subfield></datafield><datafield ind1=" " ind2="0" tag="651"><subfield code="a">Weston (Mo.)</subfield><subfield code="v">Newspapers.</subfield></datafield><datafield ind1=" " ind2="7" tag="655"><subfield code="a">Newspapers.</subfield><subfield code="2">fast</subfield><subfield code="0">(OCoLC)fst01423814</subfield></datafield><datafield ind1=" " ind2="7" tag="651"><subfield code="a">Missouri</subfield><subfield code="z">Weston.</subfield><subfield code="2">fast</subfield><subfield code="0">(OCoLC)fst01296194</subfield></datafield><datafield ind1=" " ind2=" " tag="752"><subfield code="a">United States</subfield><subfield code="b">Missouri</subfield><subfield code="c">Platte</subfield><subfield code="d">Weston.</subfield></datafield><datafield ind1="0" ind2="0" tag="780"><subfield code="t">Missouri commercial (Weston, Mo. : 1872)</subfield><subfield code="w">(DLC)sn 85034168</subfield></datafield><datafield ind1="0" ind2="0" tag="785"><subfield code="t">Weston chronicle</subfield><subfield code="w">(DLC)sn 89066985</subfield></datafield></record>